@misc{solana-docs,
  title = {Solana Program Security Best Practices},
  author = {Solana Labs},
  year = {2024},
  url = {https://docs.solana.com/developing/programming-model/overview},
}

@misc{anchor-security,
  title = {Anchor Security Guidelines},
  author = {Coral Protocol},
  year = {2024},
  url = {https://www.anchor-lang.com/docs/security},
}

@misc{rust-security,
  title = {Rust Secure Coding Guidelines},
  author = {Rust Security Working Group},
  year = {2024},
  url = {https://anssi-fr.github.io/rust-guide/},
}

@misc{aeamcp-audit-original,
  title = {Comprehensive Solana Rust Security Audit Report 2025},
  author = {AEAMCP Security Team},
  year = {2025},
  note = {Internal audit documentation},
}

@misc{solana-cpi-security,
  title = {Cross-Program Invocation Security Patterns},
  author = {Solana Security Alliance},
  year = {2024},
  url = {https://github.com/solana-labs/solana-program-library},
}