@misc{fetch-aea-framework,
  title={Autonomous Economic Agent Framework},
  author={Fetch.ai},
  year={2023},
  howpublished={\url{https://docs.fetch.ai/aea/}},
  note={Accessed: 2024-12-22}
}

@misc{agent-to-agent-protocol,
  title={Agent-to-Agent Protocol Specification},
  author={Google Research},
  year={2024},
  howpublished={\url{https://github.com/google/agent-to-agent}},
  note={Accessed: 2024-12-22}
}

@misc{mcp-specification,
  title={Model Context Protocol Specification},
  author={Anthropic},
  year={2024},
  howpublished={\url{https://modelcontextprotocol.io/}},
  note={Accessed: 2024-12-22}
}

@article{blockchain-ai-survey,
  title={Blockchain for AI: A Survey},
  author={Zhang, Peng and Schmidt, Douglas C.},
  journal={IEEE Transactions on Artificial Intelligence},
  volume={3},
  number={2},
  pages={291--303},
  year={2022},
  publisher={IEEE}
}

@misc{solana-whitepaper,
  title={Solana: A new architecture for a high performance blockchain},
  author={Yakovenko, Anatoly},
  year={2017},
  howpublished={\url{https://solana.com/solana-whitepaper.pdf}},
  note={Accessed: 2024-12-22}
}

@misc{did-specification,
  title={Decentralized Identifiers (DIDs) v1.0},
  author={Reed, Drummond and Sporny, Manu and Longley, Dave and Allen, Christopher and Grant, Ryan and Sabadello, Markus},
  year={2022},
  howpublished={\url{https://www.w3.org/TR/did-core/}},
  note={W3C Recommendation}
}

@inproceedings{nakamoto2008bitcoin,
  title={Bitcoin: A peer-to-peer electronic cash system},
  author={Nakamoto, Satoshi},
  year={2008},
  organization={Decentralized Business Review}
}



@misc{solana-docs,
  title={Solana Documentation},
  author={Solana Labs},
  year={2024},
  howpublished={\url{https://docs.solana.com/}},
  note={Accessed: 2024-12-22}
}

@article{byzantine-generals,
  title={The Byzantine Generals Problem},
  author={Lamport, Leslie and Shostak, Robert and Pease, Marshall},
  journal={ACM Transactions on Programming Languages and Systems},
  volume={4},
  number={3},
  pages={382--401},
  year={1982},
  publisher={ACM}
}

@article{proof-of-stake,
  title={Ouroboros: A provably secure proof-of-stake blockchain protocol},
  author={Kiayias, Aggelos and Russell, Alexander and David, Bernardo and Oliynykov, Roman},
  journal={Annual international cryptology conference},
  pages={357--388},
  year={2017},
  organization={Springer}
}



@article{multi-agent-systems,
  title={An introduction to multiagent systems},
  author={Wooldridge, Michael},
  journal={John Wiley \& Sons},
  year={2009}
}

@article{mechanism-design,
  title={Mechanism design: a linear programming approach},
  author={Conitzer, Vincent and Sandholm, Tuomas},
  journal={Proceedings of the 5th international joint conference on Autonomous agents and multiagent systems},
  pages={428--435},
  year={2006}
}

@article{reputation-systems,
  title={The eigentrust algorithm for reputation management in p2p networks},
  author={Kamvar, Sepandar D and Schlosser, Mario T and Garcia-Molina, Hector},
  journal={Proceedings of the 12th international conference on World Wide Web},
  pages={640--651},
  year={2003}
}

@misc{spl-token,
  title={SPL Token Program},
  author={Solana Labs},
  year={2024},
  howpublished={\url{https://spl.solana.com/token}},
  note={Accessed: 2024-12-22}
}

@article{zero-knowledge-proofs,
  title={Zero-knowledge proofs},
  author={Goldreich, Oded},
  journal={Foundations of Cryptography: Basic Applications},
  pages={144--183},
  year={2004},
  publisher={Cambridge University Press}
}

@article{consensus-algorithms,
  title={Consensus in the presence of partial synchrony},
  author={Dwork, Cynthia and Lynch, Nancy and Stockmeyer, Larry},
  journal={Journal of the ACM},
  volume={35},
  number={2},
  pages={288--323},
  year={1988},
  publisher={ACM}
}

@misc{anchor-framework,
  title={Anchor: A framework for Solana's Sealevel runtime},
  author={Coral Protocol},
  year={2024},
  howpublished={\url{https://www.anchor-lang.com/}},
  note={Accessed: 2024-12-22}
}

@article{program-derived-addresses,
  title={Program Derived Addresses on Solana},
  author={Solana Labs},
  year={2021},
  journal={Solana Documentation},
  howpublished={\url{https://docs.solana.com/developing/programming-model/calling-between-programs#program-derived-addresses}}
}

@misc{rust-lang,
  title={The Rust Programming Language},
  author={Mozilla Foundation},
  year={2024},
  howpublished={\url{https://www.rust-lang.org/}},
  note={Accessed: 2024-12-22}
}

@article{economic-security,
  title={Economic security of blockchain protocols},
  author={Budish, Eric},
  journal={Journal of Political Economy},
  volume={130},
  number={9},
  pages={2316--2366},
  year={2022},
  publisher={University of Chicago Press}
}

@misc{openai-api,
  title={OpenAI API Documentation},
  author={OpenAI},
  year={2024},
  howpublished={\url{https://platform.openai.com/docs}},
  note={Accessed: 2024-12-22}
}

@article{smart-contracts-security,
  title={Security analysis of smart contracts: A systematic review},
  author={Perez, Daniel and Livshits, Benjamin},
  journal={Proceedings of the 2019 34th IEEE/ACM International Conference on Automated Software Engineering},
  pages={1294--1297},
  year={2019},
  organization={IEEE}
}

@misc{typescript,
  title={TypeScript: Typed JavaScript at Any Scale},
  author={Microsoft},
  year={2024},
  howpublished={\url{https://www.typescriptlang.org/}},
  note={Accessed: 2024-12-22}
}

@misc{react,
  title={React: A JavaScript library for building user interfaces},
  author={Meta},
  year={2024},
  howpublished={\url{https://react.dev/}},
  note={Accessed: 2024-12-22}
}

@article{defi-protocols,
  title={Decentralized Finance (DeFi) Protocol Risks and Safe DeFi Asset Management},
  author={Chen, Weiqiang and Xu, Zhengxu and Shi, Songqing and Zhao, Yong and Zhao, Jun},
  journal={IEEE Access},
  volume={9},
  pages={47576--47587},
  year={2021},
  publisher={IEEE}
}